<collection xmlns="http://www.loc.gov/MARC21/slim">
<record>
  <leader>01621nam0a2200277 i 450 </leader>
  <controlfield tag="001">IT\ICCU\CNCE\011923</controlfield>
  <controlfield tag="005">20151218000000.0</controlfield>
  <datafield tag="012" ind1=" " ind2=" ">
    <subfield code="a">nae. nene e.t. rudi (3) 1510 (Q)</subfield>
    <subfield code="2">fei</subfield>
  </datafield>
  <datafield tag="100" ind1=" " ind2=" ">
    <subfield code="a">19970101f1510        0itac0103    ba</subfield>
  </datafield>
  <datafield tag="101" ind1=" " ind2=" ">
    <subfield code="a">ITA</subfield>
  </datafield>
  <datafield tag="102" ind1=" " ind2=" ">
    <subfield code="a">IT</subfield>
  </datafield>
  <datafield tag="200" ind1="1" ind2=" ">
    <subfield code="a">Die Primo: in nomine Jesu que se incominciano le letanie secundo lordine \sic! Ambrosiano: le quale se fanno li primi tri giorni da poy la dominica de lascensione \sic!. E si fanno a questo modo. El primo giorno cioe el lunedi. Congregato el clero con lopopulo in la giesia maior. lo Archi ueco o vero el piu digno sacerdote se li troua. comencia e dice la benedictione della cener ben apparata e monda dignado a questo modo</subfield>
  </datafield>
  <datafield tag="210" ind1=" " ind2=" ">
    <subfield code="d">\circa 1510!</subfield>
    <subfield code="e">Impressum Mediolani</subfield>
    <subfield code="g">per Allisandrum Pelizonum</subfield>
  </datafield>
  <datafield tag="215" ind1=" " ind2=" ">
    <subfield code="a">LXXXXV, \1! c.</subfield>
    <subfield code="d">8ʻ</subfield>
  </datafield>
  <datafield tag="300" ind1=" " ind2=" ">
    <subfield code="a">Il titolo si ricava dall&apos;intitolazione. - Per la data cfr.: E. Sandal, Editori e tipografi a Milano nel Cinquecento, III, p. 111</subfield>
  </datafield>
  <datafield tag="500" ind1="1" ind2="0">
    <subfield code="3">IT\ICCU\CNCE\037225</subfield>
    <subfield code="a">Rituale</subfield>
  </datafield>
  <datafield tag="620" ind1=" " ind2=" ">
    <subfield code="a">IT</subfield>
    <subfield code="d">Milano</subfield>
  </datafield>
  <datafield tag="710" ind1="0" ind2="2">
    <subfield code="a">Chiesa cattolica</subfield>
    <subfield code="3">6731</subfield>
  </datafield>
  <datafield tag="712" ind1="0" ind2="0">
    <subfield code="a">Pellizzoni, Alessandro</subfield>
    <subfield code="3">IT\ICCU\CNCT\000997</subfield>
    <subfield code="4">650</subfield>
  </datafield>
  <datafield tag="791" ind1="0" ind2="0">
    <subfield code="a">Pelizono, Alexandro</subfield>
    <subfield code="3">IT\ICCU\CNCT\002477</subfield>
    <subfield code="z">Pellizzoni, Alessandro</subfield>
  </datafield>
  <datafield tag="791" ind1="0" ind2="0">
    <subfield code="a">Pilizonus, Alexander</subfield>
    <subfield code="3">IT\ICCU\CNCT\004032</subfield>
    <subfield code="z">Pellizzoni, Alessandro</subfield>
  </datafield>
  <datafield tag="791" ind1="0" ind2="0">
    <subfield code="a">Pellizonus, Alexander</subfield>
    <subfield code="3">IT\ICCU\CNCT\005354</subfield>
    <subfield code="z">Pellizzoni, Alessandro</subfield>
  </datafield>
  <datafield tag="791" ind1="0" ind2="0">
    <subfield code="a">Pelizonus, Alexander</subfield>
    <subfield code="3">IT\ICCU\CNCT\005355</subfield>
    <subfield code="z">Pellizzoni, Alessandro</subfield>
  </datafield>
  <datafield tag="801" ind1=" " ind2="3">
    <subfield code="a">IT</subfield>
    <subfield code="b">ICCU</subfield>
    <subfield code="c">20201113</subfield>
  </datafield>
  <datafield tag="899" ind1=" " ind2=" ">
    <subfield code="a">Biblioteca Ambrosiana. Milano</subfield>
    <subfield code="1">MI0133</subfield>
    <subfield code="2">VBA 01</subfield>
  </datafield>
  <datafield tag="899" ind1=" " ind2=" ">
    <subfield code="a">Biblioteca e Archivio del Capitolo metropolitano. Milano</subfield>
    <subfield code="1">MI0489</subfield>
    <subfield code="2">PBE C0</subfield>
  </datafield>
</record>
</collection>
